<record><leader>00000cas a2200000 a 4500</leader><controlfield tag="001">612404888</controlfield><controlfield tag="006">m     o  d        </controlfield><controlfield tag="007">cr |||||||||||</controlfield><controlfield tag="008">100507d18721873gauwr nso     0    0eng c</controlfield><datafield ind1=" " ind2=" " tag="010"><subfield code="a">  2010233002</subfield></datafield><datafield ind1=" " ind2=" " tag="040"><subfield code="a">GUA</subfield><subfield code="b">eng</subfield><subfield code="c">GUA</subfield><subfield code="d">GUA</subfield><subfield code="d">OCLCQ</subfield><subfield code="d">OCLCO</subfield><subfield code="d">OCLCQ</subfield><subfield code="d">OCLCF</subfield></datafield><datafield ind1=" " ind2=" " tag="042"><subfield code="a">pcc</subfield></datafield><datafield ind1=" " ind2=" " tag="043"><subfield code="a">n-us-ga</subfield></datafield><datafield ind1="1" ind2="4" tag="050"><subfield code="a">AN13.A82</subfield></datafield><datafield ind1="0" ind2=" " tag="130"><subfield code="a">Atlanta weekly sun (Atlanta, Ga. : 1872 : Online)</subfield></datafield><datafield ind1="1" ind2="4" tag="245"><subfield code="a">The Atlanta weekly sun</subfield><subfield code="h">[electronic resource].</subfield></datafield><datafield ind1="1" ind2="3" tag="246"><subfield code="a">Atlanta sun</subfield></datafield><datafield ind1=" " ind2=" " tag="260"><subfield code="a">Atlanta, Ga. :</subfield><subfield code="b">Atlanta Sun Pub. Co.</subfield></datafield><datafield ind1=" " ind2=" " tag="310"><subfield code="a">Weekly</subfield></datafield><datafield ind1="1" ind2=" " tag="362"><subfield code="a">Began with v. 3, no. 8 (Dec. 25, 1872) = whole no. 206; ceased with v. 4, no. 5 (June 24, 1873) = whole no. 512.</subfield></datafield><datafield ind1=" " ind2=" " tag="588"><subfield code="a">Description based on: Vol. 3, no. 8 (Dec. 25, 1872) = whole no. 206; title from pdf image of caption (Georgia Historical Newspapers, viewed Apr. 28, 2010).</subfield></datafield><datafield ind1=" " ind2=" " tag="588"><subfield code="a">Latest issue consulted: Vol. 4, no. 5 (June 24, 1873) = whole no. 512, viewed Apr. 28, 2010.</subfield></datafield><datafield ind1=" " ind2="0" tag="651"><subfield code="a">Atlanta (Ga.)</subfield><subfield code="v">Newspapers.</subfield></datafield><datafield ind1=" " ind2="0" tag="651"><subfield code="a">Fulton County (Ga.)</subfield><subfield code="v">Newspapers.</subfield></datafield><datafield ind1=" " ind2="7" tag="655"><subfield code="a">Newspapers.</subfield><subfield code="2">fast</subfield><subfield code="0">(OCoLC)fst01423814</subfield></datafield><datafield ind1=" " ind2="7" tag="651"><subfield code="a">Georgia</subfield><subfield code="z">Atlanta.</subfield><subfield code="2">fast</subfield><subfield code="0">(OCoLC)fst01204627</subfield></datafield><datafield ind1=" " ind2="7" tag="651"><subfield code="a">Georgia</subfield><subfield code="z">Fulton County.</subfield><subfield code="2">fast</subfield><subfield code="0">(OCoLC)fst01211153</subfield></datafield><datafield ind1=" " ind2=" " tag="752"><subfield code="a">United States</subfield><subfield code="b">Georgia</subfield><subfield code="c">Fulton</subfield><subfield code="d">Atlanta.</subfield></datafield><datafield ind1="0" ind2=" " tag="775"><subfield code="t">Atlanta daily sun (Atlanta, Ga. : 1870 : Online)</subfield><subfield code="w">(DLC)  2010233007</subfield><subfield code="w">(OCoLC)612372070</subfield></datafield><datafield ind1="0" ind2="0" tag="780"><subfield code="t">Weekly sun (Atlanta, Ga. : 1870 : Online)</subfield><subfield code="w">(DLC)  2010233001</subfield><subfield code="w">(OCoLC)612404925</subfield></datafield><datafield ind1="0" ind2="4" tag="785"><subfield code="t">Weekly constitution (Atlanta, Ga. : 1868 : Online)</subfield><subfield code="w">(DLC)  2010233905</subfield></datafield><datafield ind1="4" ind2="0" tag="856"><subfield code="z">Issues listed together with: Atlanta daily sun:</subfield><subfield code="u">http://atlnewspapers.galileo.usg.edu/atlnewspapers/search?sort=year&amp;title=Sun&amp;source.page=1</subfield></datafield></record>